<?xml version="1.0" encoding="UTF-8"?><record xmlns="http://www.loc.gov/MARC21/slim" xmlns:cinclude="http://apache.org/cocoon/include/1.0" xmlns:zs="http://www.loc.gov/zing/srw/">
  <leader>00736cz  a2200169n  4500</leader>
  <controlfield tag="001">n  88036096 </controlfield>
  <controlfield tag="003">DLC</controlfield>
  <controlfield tag="005">20080303080054.0</controlfield>
  <controlfield tag="008">880506n| acannaabn          |a aaa      </controlfield>
  <datafield tag="010" ind1=" " ind2=" ">
    <subfield code="a">n  88036096 </subfield>
  </datafield>
  <datafield tag="035" ind1=" " ind2=" ">
    <subfield code="a">(OCoLC)oca02268726</subfield>
  </datafield>
  <datafield tag="040" ind1=" " ind2=" ">
    <subfield code="a">DLC</subfield>
    <subfield code="b">eng</subfield>
    <subfield code="c">DLC</subfield>
    <subfield code="d">DLC</subfield>
    <subfield code="d">OCoLC</subfield>
  </datafield>
  <datafield tag="100" ind1="1" ind2=" ">
    <subfield code="a">Geĭsman, P. A.</subfield>
    <subfield code="q">(Platon Aleksandrovich),</subfield>
    <subfield code="d">1853-1919</subfield>
  </datafield>
  <datafield tag="400" ind1="1" ind2=" ">
    <subfield code="a">Geĭsman, Platon Aleksandrovich,</subfield>
    <subfield code="d">1853-1919</subfield>
  </datafield>
  <datafield tag="400" ind1="1" ind2=" ">
    <subfield code="a">Gaĭsmans, Platon Aleksandrovich,</subfield>
    <subfield code="d">1853-1919</subfield>
  </datafield>
  <datafield tag="670" ind1=" " ind2=" ">
    <subfield code="a">His Nachalʹnik "detashementa" armīi imperatrit︠s︡y Ekateriny Velikoĭ podpolkovnik Geĭsman, 1895:</subfield>
    <subfield code="b">t.p. (P. A. Geĭsman)</subfield>
  </datafield>
  <datafield tag="670" ind1=" " ind2=" ">
    <subfield code="a">Voennyĭ ėnt︠s︡. slovarʹ, 1986:</subfield>
    <subfield code="b">p. 184 (Geĭsman (since 1916 Gaĭsmans) Platon Aleksandrovich, b. 1853, d. 1919)</subfield>
  </datafield>
</record>